@book{jnibook,
    title={The Java Native Interface: Programmer's Guide and Specification},
    author={Sheng Lian},
    isbn={0-201-32577-2},
    year={1999},
    publisher={Addison Wesley Longman, Inc.},
    chapter = "4.1.3"
}
   
@online{miniz,
    author    = "richgel999",
    title     = "Miniz",
    url       = "https://github.com/richgel999/miniz",
    keywords  = "miniz"
}



@online{jnievents,
    author = "Oracle",
    title = "JVMTM Tool Interface Version - 1.2 - Event Index",
    url = "https://docs.oracle.com/javase/7/docs/platform/jvmti/jvmti.html#EventIndex",
}

@online{jniwhatis,
    author = "Oracle",
    title = "JVMTM Tool Interface Version - 1.2 - What is the JVM Tool Interface?",
    url = "https://docs.oracle.com/javase/7/docs/platform/jvmti/jvmti.html#whatIs",
}

@online{jniref,
    author = "Oracle",
    title = "JVMTM Tool Interface Version - 1.2 - Managing JNI Object References",
    url = "https://docs.oracle.com/javase/7/docs/platform/jvmti/jvmti.html#refs",
}

@online{jniTypes,
    author = "Oracle",
    title = "JNI Types and Data Structures",
    url = "http://docs.oracle.com/javase/7/docs/technotes/guides/jni/spec/types.html",
}


@online{jvmtiInterface,
    author = "Oracle",
    title = "Java Virtual Machine Tool Interface (JVM TI)",
    url = "https://docs.oracle.com/javase/8/docs/technotes/guides/jvmti/",
}


@online{openssl,
    author = "OpenSSL",
    title = "EVP Symmetric Encryption and Decryption",
    url = "https://wiki.openssl.org/index.php/EVP_Symmetric_Encryption_and_Decryption",
}

@online{compiler,
    author = "Microsoft",
    title = "Predefined Macros",
    url = "https://msdn.microsoft.com/en-us/library/b0084kay%28VS.80%29.aspx",
}

@online{jvisualvm,
    author = "Oracle",
    title = "Java Virtual Machine Monitoring, Troubleshooting, and Profiling Tool",
    url = "https://docs.oracle.com/javase/6/docs/technotes/tools/share/jvisualvm.html",
}

@online{stacktrace,
    author = "Wikipedia",
    title = "Stack trace",
    url = "https://en.wikipedia.org/wiki/Stack_trace",
}



@online{cryptojs,
    author = "evanvosberg",
    title = "Crypto JS Library",
    url = "https://www.npmjs.com/package/crypto-js",
}


@online{jniMethod,
    author = "The Open Journal Project",
    title = "Calling Java Methods",
    url = "http://journals.ecs.soton.ac.uk/java/tutorial/native1.1/implementing/method.html",
}

@online{scalaVSjsRH,
    author    = "Red Hat - Software Engineer Samuel",
    title     = "Scala vs. Node.js as a RESTful backend server",
    url       = "https://developers.redhat.com/blog/2015/04/22/scala-vs-node-js-as-a-restful-backend-server/"
}

@online{GetObjectHashCode,
    author    = "Oracle",
    title     = "JVM Tool Interface",
    url       = "https://docs.oracle.com/javase/7/docs/platform/jvmti/jvmti.html#GetObjectHashCode"
}

@online{javac,
    author    = "Oracle",
    title     = "javac - Java programming language compiler",
    url       = "https://docs.oracle.com/javase/6/docs/technotes/tools/windows/javac.html"
}



@online{javavsnativetaki,
    author    = "Tal Weiss",
    title     = "Java vs. Native Agents - And How It Affects Your Code",
    url       = "http://blog.takipi.com/double-agent-java-vs-native-agents/"
}


@online{jvmLangs,
    title     = "Java Programming Assistance",
    url       = "http://jboss-javassist.github.io/javassist/",
}

@online{asm,
    title     = "Java ASM",
    url       = "http://asm.ow2.org/",
}

@online{logstash,
    title     = "Logstash library",
    url       = "https://www.elastic.co/products/logstash",
}

@online{rest,
    author = "Wikipedia",
    title     = "Representational state transfer",
    url       = "https://en.wikipedia.org/wiki/Representational_state_transfer",
}


@online{javassist,
    author = "Wikipedia",
    title     = "List of JVM languages",
    url       = "https://en.wikipedia.org/wiki/List_of_JVM_languages",
}



@online{javavsnativetdyna,
    author    = "Andreas Grabner",
    title     = "Pros and Cons of Using Java vs Native Agent for Application Performance Management",
    url       = "https://www.dynatrace.com/blog/pros-and-cons-of-using-java-vs-native-agent-for-application-performance-management/"
}

@online{microservices,
    author    = "James Lewis and Martin Fowler",
    title     = "Microservices",
    url       = "https://martinfowler.com/articles/microservices.html"
}
 
 

 
@inbook{javaPerfJVM,
    author = "Charlie Hunt, Binu John",
    title = "Java™ Performance - The Java™ Series",
    publisher = "Addison-Wesley",
    isbn = {978-0-13-714252-1},
    year = "2011",
    chapter = "3.1"
}


@inbook{javaCompilerJVM,
    author = "Charlie Hunt, Binu John",
    title = "Java™ Performance - The Java™ Series",
    publisher = "Addison-Wesley",
    isbn = {978-0-13-714252-1},
    year = "2011",
    chapter = "3.5"
}